@article{AIME,
  author={Nakanishi, Takafumi},
  journal={IEEE Access}, 
  title={Approximate Inverse Model Explanations (AIME): Unveiling Local and Global Insights in Machine Learning Models}, 
  year={2023},
  volume={11},
  number={},
  pages={101020-101044},
  keywords={Predictive models;Estimation;Closed box;Machine learning;Data models;Behavioral sciences;Feature extraction;Artificial intelligence;Inverse problems;Interoperability;Approximate inverse models;explainable artificial intelligence (XAI);feature importance;generalized inverse matrices;interpretability;model explanation techniques},
  doi={10.1109/ACCESS.2023.3314336}
}
@article{transformer,
  title={Attention is all you need},
  author={Vaswani, A},
  journal={Advances in Neural Information Processing Systems},
  year={2017}
}

